@article{Lefever2008,
    title = {{A Classification-based Approach to Economic Event Detection in Dutch News Text}},
    year = {2008},
    author = {Lefever, Els},
    pages = {330--335},
    isbn = {9782951740891}
}

@article{Bies2016,
    title = {{A Comparison of Event Representations in DEFT}},
    year = {2016},
    author = {Bies, Ann and Song, Zhiyi and Getman, Jeremy and Ellis, Joe and Mott, Justin and Strassel, Stephanie and Palmer, Martha and Mitamura, Teruko and Freedman, Marjorie and Ji, Heng and O 'gorman, Tim},
    pages = {27--36}
}

@article{Aguilar2014,
    title = {{A Comparison of the Events and Relations Across ACE , ERE , TAC-KBP , and FrameNet Annotation Standards}},
    year = {2014},
    author = {Aguilar, Jacqueline and Beller, Charley and McNamee, Paul and Van Durme, Benjamin and Strassel, Stephanie and Song, Zhiyi and Ellis, Joe}
}

@article{Liu2015,
    title = {{A Dependency-Based Neural Network for Relation Classification}},
    year = {2015},
    author = {Liu, Yang and Wei, Furu and Li, Sujian and Ji, Heng and Zhou, Ming and Wang, Houfeng},
    number = {2006},
    url = {http://arxiv.org/abs/1507.04646},
    isbn = {9781941643730},
    doi = {10.3115/v1/P15-2047},
    arxivId = {1507.04646}
}

@article{Valenzuela-Escarcega2015,
    title = {{A Domain-independent Rule-based Framework for Event Extraction}},
    year = {2015},
    journal = {Proceedings of ACL-IJCNLP 2015 System Demonstrations},
    author = {Valenzuela-Esc{\'{a}}rcega, Marco A and Hahn-Powell, Gus and Hicks, Thomas and Surdeanu, Mihai},
    pages = {127--132},
    url = {http://aclanthology.info/papers/a-domain-independent-rule-based-framework-for-event-extraction},
    isbn = {9781941643990},
    doi = {10.3115/v1/P15-4022}
}

@article{Kolya2011,
    title = {{A Hybrid Approach for Event Extraction and Event Actor Identification}},
    year = {2011},
    journal = {International Conference on Recent Advances in Natural Language Processing 2011 (RANLP 2011)},
    author = {Kolya, Anup Kumar and Ekbal, Asif and Bandyopadhyay, Sivaji},
    number = {September},
    pages = {592--597},
    issn = {13138502}
}

@article{Feng2016,
    title = {{A language-independent neural network for event detection}},
    year = {2016},
    journal = {54th Annual Meeting of the Association for Computational Linguistics, ACL 2016 - Short Papers},
    author = {Feng, X. and Huang, Liang and Tang, Duyu and Qin, B. and Ji, Heng and Liu, Ting},
    isbn = {9781510827592}
}

@article{Raghunathan2010,
    title = {{A Multi-Pass Sieve for Coreference Resolution}},
    year = {2010},
    journal = {Proceedings of the 2010 Conference on Empirical Methods in Natural Language Processing (EMNLP '10)},
    author = {Raghunathan, Karthik and Lee, Heeyoung and Rangarajan, Sudarshan and Chambers, Nathanael and Surdeanu, Mihai and Jurafsky, Dan and Manning, Christopher D.},
    number = {October},
    pages = {492--501},
    url = {http://dl.acm.org/citation.cfm?id=1870706},
    isbn = {1932432868}
}

@article{Maslennikov2007,
    title = {{A Multi-resolution Framework for Information Extraction from Free Text}},
    year = {2007},
    author = {Maslennikov, Mstislav and Chua, Tat-Seng},
    number = {June},
    pages = {592--599}
}

@article{Maeda2006,
    title = {{A New Phase in Annotation Tool Development at the Linguistic Data Consortium: The Evolution of the Annotation Graph Toolkit}},
    year = {2006},
    journal = {Proceedings of the Fifth International Conference on Language Resources and Evaluation (LREC'06)},
    author = {Maeda, K. and Lee, H. and Medero, J. and Strassel, S.},
    pages = {1570--1573},
    url = {http://aclweb.org/anthology/L06-1488}
}

@misc{Ji2014,
    title = {{A presentation on Relation Extraction and Event Extraction}},
    year = {2014},
    author = {Ji, Heng},
    url = {http://projects.ldc.upenn.edu/ace/docs/English-Entities-Guidelines_v6.6.pdf}
}

@article{Riedel2017,
    title = {{A simple but tough-to-beat baseline for the Fake News Challenge stance detection task}},
    year = {2017},
    author = {Riedel, Benjamin and Augenstein, Isabelle and Spithourakis, Georgios P. and Riedel, Sebastian},
    pages = {1--6},
    url = {http://arxiv.org/abs/1707.03264},
    arxivId = {1707.03264}
}

@article{Hogenboom2016,
    title = {{A Survey of event extraction methods from text for decision support systems}},
    year = {2016},
    author = {Hogenboom, Frederik and Frasincar, Flavius and Kaymak, Uzay and Jong, Franciska De and Caron, Emiel},
    number = {0},
    pages = {12--22},
    volume = {85},
    doi = {10.1016/j.dss.2016.02.006},
    keywords = {Event extraction, Information extraction, Natural language processing (NLP), Text mining}
}

@article{Wick2008,
    title = {{A unified approach for schema matching, coreference and canonicalization}},
    year = {2008},
    journal = {Proceeding of the 14th ACM SIGKDD international conference on Knowledge discovery and data mining - KDD 08},
    author = {Wick, Michael L. and Rohanimanesh, Khashayar and Schultz, Karl and McCallum, Andrew},
    pages = {722},
    url = {http://dl.acm.org/citation.cfm?doid=1401890.1401977},
    isbn = {9781605581934},
    doi = {10.1145/1401890.1401977},
    keywords = {all or part of, calization, canoni-, conditional random field, coreference, data integration, or hard copies of, permission to make digital, schema matching, this work for, weighted logic}
}

@article{Patwardhan2009,
    title = {{A unified model of phrasal and sentential evidence for information extraction}},
    year = {2009},
    journal = {Proceedings of the 2009 Conference on Empirical Methods in Natural Language Processing Volume 1 - EMNLP '09},
    author = {Patwardhan, Siddharth and Riloff, Ellen},
    pages = {151},
    volume = {1},
    url = {http://portal.acm.org/citation.cfm?doid=1699510.1699530},
    isbn = {9781932432596},
    doi = {10.3115/1699510.1699530},
    issn = {1932432590}
}

@misc{Consortium2008,
    title = {{ACE English Annotation Guidelines for Entities (v6.6)}},
    year = {2008},
    booktitle = {Facilities},
    pages = {72},
    publisher = {Linguistics Data Consortium},
    url = {http://projects.ldc.upenn.edu/ace/docs/English-Entities-Guidelines_v6.6.pdf}
}

@misc{Consortium2008a,
    title = {{ACE English Annotation Guidelines for Events (v5.4.3)}},
    year = {2008},
    booktitle = {Facilities},
    pages = {72},
    publisher = {Linguistics Data Consortium},
    url = {http://projects.ldc.upenn.edu/ace/docs/English-Entities-Guidelines_v6.6.pdf}
}

@misc{Consortium2008b,
    title = {{ACE English Annotation Guidelines for Relations (v6.2)}},
    year = {2008},
    booktitle = {Facilities},
    pages = {72},
    publisher = {Linguistics Data Consortium},
    url = {https://www.ldc.upenn.edu/collaborations/past-projects/ace/annotation-tasks-and-specifications}
}

@article{Grishman2001,
    title = {{Adaptive information extraction and sublanguage analysis}},
    year = {2001},
    journal = {Proc. of IJCAI 2001},
    author = {Grishman, Ralph},
    pages = {1--4},
    url = {http://nlp.cs.nyu.edu/publication/papers/grishman-ijcai01.pdf}
}

@article{Mihaylov2016,
    title = {{AIPHES-HD system at TAC KBP 2016: Neural Event Trigger Detection and Event Type and Realis Disambiguation with Word Embeddings}},
    year = {2016},
    journal = {Proceedings of the TAC Knowledge Base Population (KBP)},
    author = {Mihaylov, Todor and Frank, Anette},
    pages = {1--2},
    url = {https://tac.nist.gov/publications/2016/participant.papers/TAC2016.aipheshd_t16.proceedings.pdf}
}

@article{Hogenboom2011,
    title = {{An overview of event extraction from text}},
    year = {2011},
    journal = {CEUR Workshop Proceedings},
    author = {Hogenboom, Frederik and Frasincar, Flavius and Kaymak, Uzay and De Jong, Franciska},
    pages = {48--57},
    volume = {779},
    isbn = {1467392006},
    issn = {16130073}
}

@article{Deng2015,
    title = {{An overview of event extraction from twitter}},
    year = {2015},
    journal = {Proceedings - 2015 International Conference on Cyber-Enabled Distributed Computing and Knowledge Discovery, CyberC 2015},
    author = {Deng, Jingsheng and Qiao, Fengcai and Li, Hongying and Zhang, Xin and Wang, Hui},
    pages = {251--256},
    isbn = {9781467391993},
    doi = {10.1109/CyberC.2015.24},
    keywords = {event categorization, event extraction, event message identification, semantic elements extraction}
}

@article{Hee2016a,
    title = {{Analysing Emotions in Social Media Coverage on Paris Terror Attacks : a Pilot Study}},
    year = {2016},
    author = {Hee, Cynthia Van and Verleye, Celine and Lefever, Els},
    number = {c},
    pages = {33--37},
    isbn = {9781612085197},
    keywords = {483 dutch facebook reactions, emotion detection, ering the events, from the facebook, natural language, processing, social media, terrorism, the data are retrieved, to news announcements cov-}
}

@misc{DeClercq2015,
    title = {{Applying hybrid terminology extraction to aspect-based sentiment analysis}},
    year = {2015},
    author = {De Clercq, Orph√©e and Van de Kauter, Marjan and Lefever, Els and Hoste, Veronique},
    publisher = {Association for Computational Linguistics 2015},
    url = {http://lib.ugent.be/catalog/pug01:5841585},
    isbn = {978-1-941643-40-2},
    language = {eng}
}

@misc{NYT_Tavernise_2016_fake_news,
    title = {{As Fake News Spreads Lies, More Readers Shrug at the Truth}},
    year = {2016},
    booktitle = {The New York Times},
    author = {Tavernise, Sabrina},
    url = {https://www.nytimes.com/2016/12/06/us/fake-news-partisan-republican-democrat.html}
}

@book{Hogenboom2014,
    title = {{Automated Detection of Financial Events in News Text}},
    year = {2014},
    author = {Hogenboom, Frederik},
    url = {http://repub.eur.nl/pub/77237},
    isbn = {978-90-5892-386-8}
}

@article{Yangarber2000.automatic_acquisition,
    title = {{Automatic Acquisition of Domain Knowledge for Information Extraction}},
    year = {2000},
    journal = {Proceedings of the 18th ICCL},
    author = {Yangarber, Roman and Grishman, Ralph and Tapanainen, Pasi and Huttunen, Silja},
    pages = {940‚Äì946},
    volume = {2}
}

@article{Lu2012,
    title = {{Automatic Event Extraction with Structured Preference Modeling}},
    year = {2012},
    journal = {Proceedings of the 50th Annual Meeting of the Association for Computational Linguistics (Volume 1: Long Papers)},
    author = {Lu, Wei and Roth, Dan},
    number = {July},
    pages = {835--844},
    url = {http://aclweb.org/anthology/P12-1088%5Cnhttp://aclanthology.info/papers/automatic-event-extraction-with-structured-preference-modeling},
    isbn = {9781937284244}
}

@article{Chen2017,
    title = {{Automatically Labeled Data Generation for Large Scale Event Extraction}},
    year = {2017},
    journal = {Acl},
    author = {Chen, Yubo and Liu, Shulin and Zhang, Xiang and Liu, Kang and Zhao, Jun},
    pages = {409--419},
    url = {https://doi.org/10.18653/v1/P17-1038},
    doi = {10.18653/v1/P17-1038}
}

@article{Schuster1997,
    title = {{Bidirectional recurrent neural networks}},
    year = {1997},
    journal = {IEEE Transactions on Signal Processing},
    author = {Schuster, Mike and Paliwal, Kuldip K.},
    number = {11},
    pages = {2673--2681},
    volume = {45},
    isbn = {1053-587X},
    doi = {10.1109/78.650093},
    issn = {1053587X},
    pmid = {25246403},
    arxivId = {arXiv:1011.1669v3},
    keywords = {Recurrent neural networks}
}

@article{Rospocher2016,
    title = {{Building event-centric knowledge graphs from news}},
    year = {2016},
    journal = {Journal of Web Semantics},
    author = {Rospocher, Marco and Van Erp, Marieke and Vossen, Piek and Fokkens, Antske and Aldabe, Itziar and Rigau, German and Soroa, Aitor and Ploeger, Thomas and Bogaard, Tessel},
    isbn = {http://dx.doi.org/10.1016/j.websem.2015.12.004},
    doi = {10.1016/j.websem.2015.12.004},
    issn = {15708268},
    keywords = {Big data, Event extraction, Event-centric knowledge, Information integration, Natural language processing, Real world data}
}

@article{Van-Hee2017,
    title = {{Can machines sense irony?}},
    year = {2017},
    author = {Van Hee, Cynthia}
}

@article{Francis-Landau2016,
    title = {{Capturing Semantic Similarity for Entity Linking with Convolutional Neural Networks}},
    year = {2016},
    journal = {Annual Conference of the North American Chapter of the Association for Computational Linguistics},
    author = {Francis-Landau, Matthew and Durrett, Greg and Klein, Dan},
    url = {http://arxiv.org/abs/1604.00734},
    isbn = {9781941643914},
    arxivId = {1604.00734}
}

@article{Mostafazadeh2016,
    title = {{CaTeRS: Causal and Temporal Relation Scheme for Semantic Annotation of Event Structures}},
    year = {2016},
    journal = {Working paper},
    author = {Mostafazadeh, Nasrin and Grealish, Alyson and Chambers, Nathanael and Allen, James and Vanderwende, Lucy},
    pages = {51--61}
}

@article{Ikuta2014,
    title = {{Challenges of Adding Causation to Richer Event Descriptions}},
    year = {2014},
    journal = {Proceedings of the Second Workshop on EVENTS: Definition, Detection, Coreference, and Representation},
    author = {Ikuta, Rei and Iv, William F Styler and Hamang, Mariah and Gorman, Tim O and Palmer, Martha and Styler, Will and O'Gorman, Tim},
    pages = {12--20},
    url = {http://www.aclweb.org/anthology/W/W14/W14-2903}
}

@article{Hsi2016,
    title = {{CMU CS Event TAC-KBP2016 Event Argument Extraction System}},
    year = {2016},
    author = {Hsi, Andrew and Carbonell, Jaime and Yang, Yiming},
    url = {https://tac.nist.gov/publications/2016/participant.papers/TAC2016.CMU_CS_Event.proceedings.pdf}
}

@article{Liu2016,
    title = {{CMU-LTI at KBP 2016 Event Nugget Track}},
    year = {2016},
    author = {Liu, Zhengzhong and Araki, Jun and Mitamura, Teruko and Hovy, Eduard}
}

@article{Yang2017,
    title = {{Combining lexical and syntactic features for detecting content-dense texts in news}},
    year = {2017},
    journal = {Journal of Artificial Intelligence Research},
    author = {Yang, Yinfei and Nenkova, Ani},
    pages = {179--219},
    volume = {60},
    doi = {10.1613/jair.5418},
    issn = {10769757},
    arxivId = {1704.00440}
}

@article{Huttunen2002,
    title = {{Complexity of event structure in IE scenarios}},
    year = {2002},
    journal = {Proc. of COLING},
    author = {Huttunen, Silja and Yangarber, Roman and Grishman, Ralph},
    url = {papers2://publication/uuid/915ECB2C-F088-40CD-9475-22EB8C654FFC}
}

@article{Lafferty2001,
    title = {{Conditional random fields: Probabilistic models for segmenting and labeling sequence data}},
    year = {2001},
    journal = {ICML '01 Proceedings of the Eighteenth International Conference on Machine Learning},
    author = {Lafferty, John and McCallum, Andrew and Pereira, Fernando C N},
    number = {June},
    pages = {282--289},
    volume = {8},
    url = {http://repository.upenn.edu/cis_papers/159/%5Cnhttp://dl.acm.org/citation.cfm?id=655813},
    isbn = {1558607781},
    doi = {10.1038/nprot.2006.61},
    issn = {1750-2799},
    pmid = {17406263},
    arxivId = {arXiv:1011.4088v1},
    keywords = {Animals, Antigen, Gene Transfer Techniques, Genetic Engineering, Genetic Engineering: methods, Genetic Vectors, Genetic Vectors: metabolism, Mice, Receptors, Retroviridae, Retroviridae: genetics, Stem Cells, Stem Cells: metabolism, T-Cell, Transgenic, Transgenic: genetics, Transgenic: metabolism, alpha-beta, alpha-beta: genetics, alpha-beta: metabolism}
}

@misc{www:conll,
    title = {{CoNLL: The SIGNLL Conference on Computational Natural Language Learning}},
    url = {http://www.conll.org/2018}
}

@article{Li2014.cinuosm,
    title = {{Constructing information networks using one single model}},
    year = {2014},
    journal = {Methods on Natural Language Processing (EMNLP2014)},
    author = {Li, Qi and Ji, Heng and Hong, Yu and Li, Sujian},
    pages = {1846--1851},
    url = {http://www.aclweb.org/anthology/D/D14/D14-1198.pdf}
}

@article{Kompan2010,
    title = {{Content-based news recommendation}},
    year = {2010},
    journal = {Lecture Notes in Business Information Processing},
    author = {Kompan, Michal and Bielikov{\'{a}}, M√°ria},
    pages = {61--72},
    volume = {61 LNBIP},
    isbn = {3642152074},
    doi = {10.1007/978-3-642-15208-5{\_}6},
    issn = {18651348},
    keywords = {article similarity, news, personalization, recommendation, user model, vector representation}
}

@article{Stoyanov2009,
    title = {{Conundrums in Noun Phrase Coreference Resolution : Making Sense of the State-of-the-Art}},
    year = {2009},
    journal = {Differences},
    author = {Stoyanov, Veselin and Gilbert, Nathan and Cardie, Claire and Riloff, Ellen},
    number = {August},
    pages = {656--664},
    url = {http://www.aclweb.org/anthology/P/P09/P09-1074},
    isbn = {9781932432466},
    doi = {10.3115/1690219.1690238}
}

@article{Haghighi2010,
    title = {{Coreference resolution in a modular, entity-centered model}},
    year = {2010},
    journal = {{\ldots} Technologies: The 2010 Annual Conference of {\ldots}},
    author = {Haghighi, A and Klein, D},
    number = {June},
    pages = {385--393},
    url = {http://dl.acm.org/citation.cfm?id=1858060%5Cnpapers3://publication/uuid/D4326918-0F0B-4C43-88EF-846472B2D2B5},
    isbn = {1932432655},
    doi = {10.3115/1608810.1608821}
}

@article{Rahman2011,
    title = {{Coreference resolution with world knowledge}},
    year = {2011},
    journal = {Proceedings of the 49th Annual Meeting of the Association for Computational Linguistics: Human Language Technologies-Volume 1},
    author = {Rahman, Altaf and Ng, Vincent},
    pages = {814--824},
    isbn = {1932432876}
}

@article{Ji2009,
    title = {{Cross-document Event Extraction and Tracking: Task, Evaluation, Techniques and Challenges}},
    year = {2009},
    journal = {Proc. Recent Advances in Natural Language Processing 2009},
    author = {Ji, Heng and Grishman, Ralph and Chen, Zheng and Gupta, Prashant},
    pages = {166--172},
    url = {http://citeseerx.ist.psu.edu/viewdoc/summary?doi=10.1.1.158.7055%5Cnhttp://www.aclweb.org/anthology/R/R09/R09-1032.pdf},
    issn = {13138502},
    keywords = {cross-document extraction, event, information extraction}
}

@article{Li2016,
    title = {{Cross-genre Event Extraction with Knowledge Enrichment}},
    year = {2016},
    journal = {Naacl-Hlt2016},
    author = {Li, Hao and Ji, Heng},
    pages = {1158--1162},
    url = {http://nlp.cs.rpi.edu/paper/crossgenreevent2016.pdf},
    isbn = {9781941643914}
}

@article{Tsai2016,
    title = {{Cross-Lingual Named Entity Recognition via Wikification}},
    year = {2016},
    author = {Tsai, Chen-tse and Mayhew, Stephen and Roth, Dan and Goodwin, N.},
    pages = {219--228}
}

@phdthesis{Schluter2017,
    title = {{Deep Learning for Event Detection, Sequence Labelling and Similarity Estimation in Music Signals}},
    year = {2017},
    author = {Schl{\"{u}}ter, Jan},
    url = {http://ofai.at/~jan.schlueter/pubs/phd/phd.pdf}
}

@misc{Zhanga,
    title = {{Deep Learning for Sentiment Analysis: A Survey}},
    year = {2017},
    author = {Zhang, Lei and Wang, Shuai and Liu, Bing},
    arxivId = {1801.07883}
}

@article{Allen2008,
    title = {{Deep semantic analysis of text}},
    year = {2008},
    journal = {Proceedings of the 2008 Conference on Semantics in Text Processing - STEP '08},
    author = {Allen, James F. and Swift, Mary and de Beaumont, Will},
    pages = {343--354},
    url = {http://portal.acm.org/citation.cfm?doid=1626481.1626508},
    doi = {10.3115/1626481.1626508}
}

@article{Sobhani2016,
    title = {{Detecting Stance in Tweets And Analyzing its Interaction with Sentiment}},
    year = {2016},
    journal = {Proceedings of the Fifth Joint Conference on Lexical and Computational Semantics (*Sem)},
    author = {Sobhani, Parinaz and Mohammad, Saif M. and Kiritchenko, Svetlana},
    pages = {159--169},
    url = {http://saifmohammad.com/WebDocs/StarSem2016-stance-tweets.pdf},
    isbn = {9781941643921}
}

@article{Tang2015,
    title = {{Document Modeling with Gated Recurrent Neural Network for Sentiment Classification}},
    year = {2015},
    journal = {Proceedings of the 2015 Conference on Empirical Methods in Natural Language Processing},
    author = {Tang, Duyu and Qin, Bing and Liu, Ting},
    number = {September},
    pages = {1422--1432},
    url = {http://aclweb.org/anthology/D15-1167},
    isbn = {9781941643327},
    doi = {10.18653/v1/D15-1167},
    issn = {10495258},
    arxivId = {1508.04025}
}

@article{Li2010,
    title = {{Domain-Independent Novel Event Discovery and Semi-Automatic Event Annotation}},
    year = {2010},
    journal = {Paclic},
    author = {Li, Hao and Li, Xiang and Ji, Heng and Marton, Yuval},
    number = {Section 3},
    pages = {233--242},
    isbn = {9784905166009},
    keywords = {domain-independent, information extraction, novel event discovery, semantic role labeling}
}

@article{Vossen,
    title = {{Don't Annotate, but Validate: a Data-to-Text Method for Capturing Event Data}},
    author = {Vossen, Piek and Ilievski, Filip and Postma, Marten and Segers, Roxane},
    keywords = {event coreference, structured data, text corpora}
}

@incollection{Vossen2018,
    title = {{Don't Annotate, but Validate: a Data-to-Text Method for Capturing Event Data}},
    year = {2018},
    booktitle = {LREC2018, Myazaki},
    author = {Vossen, Piek and Ilievski, Filip and Postma, Marten and Roxane, Segers},
    keywords = {ulm1, ulm4}
}

@article{Patwardhan2007,
    title = {{Effective Information Extraction with Semantic Affinity Patterns and Relevant Regions}},
    year = {2007},
    journal = {Proceedings of the 2007 Joint Conference on Empirical Methods in Natural Language Processing and Computational Natural Language Learning},
    author = {Patwardhan, Siddharth and Riloff, Ellen},
    number = {June},
    pages = {717--727},
    volume = {7},
    isbn = {9781595937995},
    doi = {10.1145/1352135.1352287},
    issn = {00978418}
}

@article{Ferreira2016,
    title = {{Emergent: a novel data-set for stance classification}},
    year = {2016},
    journal = {Proceedings of the 2016 Conference of the North American Chapter of the Association for Computational Linguistics: Human Language Technologies},
    author = {Ferreira, William and Vlachos, Andreas},
    number = {1},
    pages = {1163--1168},
    url = {http://aclweb.org/anthology/N16-1138},
    isbn = {9781941643914},
    doi = {10.18653/v1/N16-1138}
}

@misc{Meij2013,
    title = {{Entity linking and retrieval tutorial}},
    year = {2013},
    author = {Meij, Edgar and Balog, Krisztian and Odijk, Daan},
    url = {http://ejmeij.github.io/entity-linking-and-retrieval-tutorial/}
}

@article{Segers2015,
    title = {{ESO Documentation ( draft )}},
    year = {2015},
    author = {Segers, Roxane and Vossen, Piek and Rospocher, Marco and Serafini, Luciano and Laparra, Egoitz}
}

@article{Fabbri,
    title = {{Europa baut auf Biographien Aspekte, Bausteine, Normen und Standards f{\"{u}}r eine europ{\"{a}}ische Biographik}},
    author = {Fabbri, Smit and Kova{\v{c}}, Herrero and Kovvv, Kowal and {\"{O}}sterreich, Deutschland and Lef{\`{e}}vre, Belgien and Schmidt, Frankreich and Smed, Schmiedl and Smith, ≈†mit Ungarn}
}

@inproceedings{VanErp,
    title = {{Evaluating Entity Linking: An Analysis of Current Benchmark Datasets and a Roadmap for Doing a Better Job}},
    year = {2016},
    booktitle = {Proceedings of the Tenth International Conference on Language Resources and Evaluation (LREC 2016)},
    author = {van Erp, Marieke and Mendes, Pablo N and Paulheim, Heiko and Ilievski, Filip and Plu, Julien and Rizzo, Giuseppe},
    pages = {4373--4379},
    url = {http://www.eurecom.fr/fr/publication/4859/download/ds-publi-4859.pdf},
    isbn = {9782951740891},
    keywords = {benchmark, entity linking, evaluation}
}

@article{Lu2015a,
    title = {{Event Coreference Resolution with Multi-Pass Sieves}},
    year = {2015},
    author = {Lu, Jing and Ng, Vincent},
    pages = {3996--4003},
    isbn = {9782951740891},
    keywords = {discourse processing, event coreference resolution, information extraction}
}

@article{Peng2016,
    title = {{Event Detection and Co-reference with Minimal Supervision}},
    year = {2016},
    journal = {Emnlp},
    author = {Peng, Haoruo and Song, Yangqi and Roth, Dan},
    pages = {392--402},
    url = {http://cogcomp.cs.illinois.edu/papers/PengSoRo16.pdf}
}

@article{Nguyen2015,
    title = {{Event Detection and Domain Adaptation with Convolutional Neural Networks}},
    year = {2015},
    journal = {Acl},
    author = {Nguyen, Thien Huu and Grishman, Ralph},
    pages = {365--371},
    url = {http://aclweb.org/anthology/P15-2060},
    isbn = {9781941643730},
    doi = {10.3115/v1/P15-2060}
}

@article{McClosky2011,
    title = {{Event extraction as dependency parsing}},
    year = {2011},
    journal = {Proceedings of the 49th Annual Meeting of the Association for Computational Linguistics: Human Language Technologies},
    author = {McClosky, David and Surdeanu, Mihai and Manning, Christopher D.},
    pages = {1626--1635},
    volume = {1},
    url = {http://acl.eldoc.ub.rug.nl/mirror/P/P11/P11-1163.pdf%5Cnhttp://dl.acm.org/citation.cfm?id=2002472.2002667},
    isbn = {9781932432879},
    keywords = {Event Extraction, Event extraction, dependency parsing}
}

@article{Judea2015,
    title = {{Event Extraction as Frame-Semantic Parsing}},
    year = {2015},
    journal = {Proceedings of the Fourth Joint Conference on Lexical and Computational Semantics},
    author = {Judea, Alex and Strube, Michael},
    pages = {159--164},
    url = {http://www.cs.brown.edu/~dmcc/papers/dmcc-acl-2011.pdf},
    isbn = {9781941643396}
}

@article{Zavarella2014,
    title = {{Event Extraction for Balkan Languages}},
    year = {2014},
    journal = {Eacl2014},
    author = {Zavarella, Vanni and Dilek, K. and Ali, H.},
    pages = {65--68}
}

@article{Zhou2008,
    title = {{Event extraction from Twitter using Non-Parametric Bayesian Mixture Model with Word Embeddings}},
    year = {2008},
    author = {Zhou, Deyu and Zhang, Xuan and He, Yulan},
    pages = {808--817},
    volume = {1}
}

@article{Chen2015,
    title = {{Event Extraction via Dynamic Multi-Pooling Convolutional Neural Networks}},
    year = {2015},
    journal = {Proceedings of the 53rd Annual Meeting of the Association for Computational Linguistics and the 7th International Joint Conference on Natural Language Processing},
    author = {Chen, Yubo and Xu, Liheng and Liu, Kang and Zeng, Daojian and Zhao, Jun},
    pages = {167--176},
    isbn = {9781941643723},
    doi = {10.3115/v1/P15-1017},
    keywords = {event extraction}
}

@misc{Colruyt2018,
    title = {{Event extraction: what is it and what‚Äôs going on (14/03 draft)}},
    year = {2018},
    author = {Colruyt, Camiel},
    number = {March},
    pages = {1--13}
}

@article{Song2016,
    title = {{Event Nugget and Event Coreference Annotation}},
    year = {2016},
    author = {Song, Zhiyi and Bies, Ann and Strassel, Stephanie and Ellis, Joe and Mitamura, Teruko and Dang, Hoa and Yamakawa, Yukari and Holm, Sue},
    pages = {37--45}
}

@article{Reimers2002,
    title = {{Event Nugget Detection , Classification and Coreference Resolution using Deep Neural Networks and Grandient Boosted Decision Trees}},
    year = {2015},
    author = {Reimers, Nils and Gurevych, Iryna}
}

@article{Satyapanich2016,
    title = {{Event Nugget Detection Task : UMBC systems}},
    year = {2016},
    author = {Satyapanich, Taneeya and Finin, Tim}
}

@article{Tanev2009,
    title = {{Exploiting Machine Learning Techniques to Build an Event Extraction System for Portuguese and Spanish}},
    year = {2009},
    journal = {Machine Learning},
    author = {Tanev, Hristo and Linge, Jens and Zavarella, Vanni and Atkinson, Martin and Steinberger, Ralf},
    number = {December 2009},
    pages = {55--66},
    doi = {10.1093/aob/mci005},
    issn = {16470818}
}

@article{Zhang2015,
    title = {{Exploiting Parallel News Streams for Unsupervised Event Extraction}},
    year = {2015},
    journal = {Transactions of the ACL},
    author = {Zhang, Congle and Soderland, Stephen and Weld, Daniel S.},
    pages = {117--129},
    volume = {3},
    url = {https://tacl2013.cs.columbia.edu/ojs/index.php/tacl/article/view/476},
    issn = {2307-387X}
}

@article{Ponzetto2006,
    title = {{Exploiting semantic role lebeling, WordNet and Wikipedia for coreference resolution.}},
    year = {2006},
    journal = {proceedings of NAACL 2006},
    author = {Ponzetto, S P and Ponzetto, S P and Strube, M and Strube, M},
    number = {June},
    pages = {192--199},
    volume = {33},
    doi = {10.3115/1220835.1220860},
    pmid = {2}
}

@article{Chan2011,
    title = {{Exploiting Syntactico-semantic Structures for Relation Extraction}},
    year = {2011},
    journal = {Proceedings of the 49th Annual Meeting of the Association for Computational Linguistics: Human Language Technologies - Volume 1},
    author = {Chan, Yee Seng and Roth, Dan},
    pages = {551--560},
    url = {http://dl.acm.org/citation.cfm?id=2002472.2002542},
    isbn = {978-1-932432-87-9},
    keywords = {KM, TAL}
}

@article{Suominen2010,
    title = {{Expressing and aggregating rich event descriptions}},
    year = {2010},
    journal = {CEUR Workshop Proceedings},
    author = {Suominen, Osma and Hyv{\"{o}}nen, Eero},
    volume = {699},
    issn = {16130073}
}

@misc{FNC_web,
    title = {{Fake News Challenge}},
    year = {2016},
    url = {http://www.fakenewschallenge.org/}
}

@misc{bbc2017_fake_news_inquiry,
    title = {{Fake news inquiry by MPs examines threat to democracy}},
    year = {2017},
    booktitle = {BBC News},
    url = {http://www.bbc.com/news/uk-politics-38790254}
}

@article{Das:2014:FP:2645242.2645244,
    title = {{Frame-semantic Parsing}},
    year = {2014},
    journal = {Comput. Linguist.},
    author = {Das, Dipanjan and Chen, Desai and Martins, Andr√© F T and Schneider, Nathan and Smith, Noah A},
    number = {1},
    month = {3},
    pages = {9--56},
    volume = {40},
    publisher = {MIT Press},
    url = {http://dx.doi.org/10.1162/COLI_a_00163},
    address = {Cambridge, MA, USA},
    doi = {10.1162/COLI{\_}a{\_}00163},
    issn = {0891-2017}
}

@inproceedings{Song2015,
    title = {{From Light to Rich ERE: Annotation of Entities, Relations, and Events}},
    year = {2015},
    booktitle = {Proceedings of the 3rd Workshop on EVENTS at the NAACL-HLT 2015},
    author = {Song, Zhiyi and Bies, Ann and Strassel, Stephanie and Riese, Tom and Mott, Justin and Ellis, Joe and Wright, Jonathan and Kulick, Seth and Ryant, Neville and Ma, Xiaoyi},
    pages = {89--98},
    publisher = {ACL},
    address = {Denver, Colorado}
}

@article{Navigli2007,
    title = {{Graph connectivity measures for unsupervised word sense disambiguation}},
    year = {2007},
    journal = {IJCAI International Joint Conference on Artificial Intelligence},
    author = {Navigli, Roberto and Lapata, Mirella},
    pages = {1683--1688},
    isbn = {9781479968183},
    doi = {10.1109/ICIIECS.2015.7193083},
    issn = {10450823}
}

@article{Chen2009a,
    title = {{Graph-based event coreference resolution}},
    year = {2009},
    journal = {Proceedings of the 2009 Workshop on Graph-based Methods for Natural Language Processing},
    author = {Chen, Zheng and Ji, H},
    number = {August},
    pages = {54--57},
    isbn = {9781932432541},
    doi = {10.3115/1708124.1708135}
}

@inproceedings{VanSon,
    title = {{GRaSP: A Multilayered Annotation Scheme for Perspectives}},
    year = {2016},
    booktitle = {LREC},
    author = {Van Son, Chantal and Caselli, Tommaso and Fokkens, Antske and Maks, Isa and Morante, Roser and Aroyo, Lora and Vossen, Piek},
    pages = {1177--1184},
    isbn = {9782951740891},
    keywords = {attribution, multilayered annotation, source perspective}
}

@article{Pivovarova2017,
    title = {{HCS at SemEval-2017 Task 5: Polarity detection in business news using      convolutional neural networks}},
    year = {2017},
    journal = {Proceedings of the 11th International Workshop on Semantic Evaluation      (SemEval-2017)},
    author = {Pivovarova, Lidia and Escoter, Lloren√ß and Klami, Arto and Yangarber, Roman},
    pages = {842--846},
    url = {https://aclanthology.coli.uni-saarland.de/papers/S17-2143/s17-2143},
    doi = {10.18653/V1/S17-2143}
}

@article{White2006,
    title = {{How well is causal structure inferred from cooccurrence information?}},
    year = {2006},
    journal = {European Journal of Cognitive Psychology},
    author = {White, Peter A.},
    number = {3},
    pages = {454--480},
    volume = {18},
    doi = {10.1080/09541440500264861},
    issn = {09541446}
}

@misc{DeClercq2014,
    title = {{Identifying disputed topics in the news}},
    year = {2014},
    author = {De Clercq, Orph√©e and Hertling, Sven and Hoste, Veronique and Ponzetto, Simone Paolo and Paulheim, Heiko},
    publisher = {CEUR 2014},
    url = {http://lib.ugent.be/catalog/pug01:5673909},
    isbn = {1613-0073},
    language = {eng}
}

@article{Vossen2017,
    title = {{Identity and Granularity of Events in Text}},
    year = {2017},
    author = {Vossen, Piek and Cybulska, Agata},
    url = {http://cltl.nl},
    arxivId = {arXiv:1704.04259v1},
    keywords = {()}
}

@article{Sammons2015,
    title = {{Illinois CCG TAC 2015 Event Nugget , Entity Discovery and Linking , and Slot Filler Validation Systems}},
    year = {2015},
    journal = {Proceedings of Text Analysis Conference},
    author = {Sammons, Mark and Peng, Haoruo and Song, Yangqiu and Upadhyay, Shyam and Tsai, Chen-tse and Reddy, Pavankumar and Roy, Subhro and Roth, Dan}
}

@article{Clark2016,
    title = {{Improving Coreference Resolution by Learning Entity-Level Distributed Representations}},
    year = {2016},
    author = {Clark, Kevin and Manning, Christopher D.},
    url = {http://arxiv.org/abs/1606.01323},
    isbn = {9781510827585},
    doi = {10.18653/v1/P16-1061},
    arxivId = {1606.01323}
}

@article{Dubbin2015,
    title = {{Improving DISCERN with Deep Learning}},
    year = {2015},
    author = {Dubbin, Greg and Bhatia, Archna and Dorr, Bonnie and Dalton, Adam and Hollingshead, Kristy and Kandaswamy, Suriya and Perera, Ian and Hwang, Jena D}
}

@article{Cao2015,
    title = {{Improving Event Detection with Active Learning}},
    year = {2015},
    author = {Cao, Kai and Li, Xiang and Fan, Miao and Grishman, Ralph},
    pages = {72--77}
}

@article{Finkel2005,
    title = {{Incorporating non-local information into information extraction systems by gibbs sampling}},
    year = {2005},
    journal = {in Acl},
    author = {Finkel, Jenny Rose and Grenager, Trond and Manning, Christopher},
    number = {1995},
    pages = {363 - 370},
    url = {http://citeseerx.ist.psu.edu/viewdoc/summary?doi=10.1.1.131.8904},
    doi = {10.3115/1219840.1219885},
    issn = {02773791}
}

@article{Judea2016,
    title = {{Incremental Global Event Extraction}},
    year = {2016},
    journal = {Coling},
    author = {Judea, Alex and Strube, Michael},
    pages = {2279--2289},
    url = {http://www.aclweb.org/anthology/C16-1215.pdf}
}

@article{Li2014.ije-om-r,
    title = {{Incremental Joint Extraction of Entity Mentions and Relations}},
    year = {2014},
    journal = {Proceedings of the 52nd Annual Meeting of the Association for Computational Linguistics (ACL 2014)},
    author = {Li, Qi and Ji, Heng},
    pages = {402--412},
    url = {https://aclweb.org/anthology/P/P14/P14-1038.pdf},
    isbn = {9781937284725}
}

@incollection{Jurafsky2017.Information_Extraction,
    title = {{Information extraction}},
    year = {2017},
    booktitle = {Speech and Language Processing},
    author = {Jurafsky, Daniel and Martin, James H},
    chapter = {21},
    number = {August},
    pages = {31},
    url = {http://dl.acm.org/citation.cfm?id=234209},
    isbn = {9781601981882},
    doi = {10.1145/234173.234209},
    issn = {19317883},
    pmid = {8806820}
}

@book{Chen2008,
    title = {{Intelligence and Security Informatics: Techniques and Applications}},
    year = {2008},
    author = {Chen, H. and Yang, C. C.},
    series = {Studies in Computational Intelligence},
    publisher = {Springer Berlin Heidelberg},
    url = {https://books.google.be/books?id=LJ0R8wprgGgC},
    isbn = {9783540692072}
}

@book{Manning:2008:IIR:1394399,
    title = {{Introduction to Information Retrieval}},
    year = {2008},
    author = {Manning, Christopher D and Raghavan, Prabhakar and Sch{\"{u}}tze, Hinrich},
    publisher = {Cambridge University Press},
    url = {https://nlp.stanford.edu/IR-book/},
    address = {New York, NY, USA},
    isbn = {0521865719, 9780521865715}
}

@inproceedings{Denis2007,
    title = {{Joint determination of anaphoricity and coreference resolution using integer programming}},
    year = {2007},
    author = {Denis, Pascal and Baldridge, Jason},
    pages = {236--243}
}

@article{Lee2012,
    title = {{Joint Entity and Event Coreference Resolution across Documents}},
    year = {2012},
    journal = {(EMNLP-CoNLL 2012) Proceedings of the 2012 Joint Conference on Empirical Methods in Natural Language Processing and Computational Natural Language Learning},
    author = {Lee, Heeyoung and Recasens, Marta and Chang, Angel and Surdeanu, Mihai and Jurafsky, Dan},
    number = {July},
    pages = {489‚Äì500},
    url = {http://www.aclweb.org/anthology/D12-1045},
    isbn = {9781937284435}
}

@article{Nguyen2016,
    title = {{Joint Event Extraction via Recurrent Neural Networks}},
    year = {2016},
    journal = {Naacl2016},
    author = {Nguyen, Thien Huu and Cho, Kyunghyun and Grishman, Ralph},
    pages = {300--309},
    isbn = {9781941643914},
    doi = {10.18653/v1/N16-1034}
}

@article{Li2013,
    title = {{Joint Event Extraction via Structured Prediction with Global Features}},
    year = {2013},
    journal = {Proceedings of the 51st Annual Meeting of the Association for Computational Linguistics (Volume 1: Long Papers)},
    author = {Li, Qi and Ji, Heng and Huang, Liang},
    pages = {73--82},
    url = {http://www.aclweb.org/anthology/P13-1008},
    isbn = {9781937284503},
    doi = {10.1021/bi00231a020},
    issn = {15204995},
    pmid = {2021618}
}

@article{Yang2016,
    title = {{Joint Extraction of Events and Entities within a Document Context}},
    year = {2016},
    author = {Yang, Bishan and Mitchell, Tom},
    pages = {289--299},
    url = {http://arxiv.org/abs/1609.03632},
    isbn = {9781941643914},
    doi = {10.18653/v1/N16-1033},
    arxivId = {1609.03632}
}

@article{Poon2008,
    title = {{Joint Unsupervised Coreference Resolution with Markov logic}},
    year = {2008},
    journal = {Proceedings of the Conference on Empirical Methods in Natural Language Processing},
    author = {Poon, Hoifung and Domingos, Pedro},
    number = {October},
    pages = {650},
    url = {http://portal.acm.org/citation.cfm?doid=1613715.1613796},
    doi = {10.3115/1613715.1613796}
}

@article{Fan2015,
    title = {{Jointly Embedding Relations and Mentions for Knowledge Population}},
    year = {2015},
    author = {Fan, Miao and Cao, Kai and He, Yifan and Grishman, Ralph},
    url = {http://arxiv.org/abs/1504.01683},
    issn = {13138502},
    arxivId = {1504.01683}
}

@article{Ji2011,
    title = {{Knowledge Base Population : Successful Approaches and Challenges}},
    year = {2011},
    journal = {Acl},
    author = {Ji, Heng and Grishman, Ralph},
    pages = {1148--1158},
    isbn = {978-1-932432-87-9}
}

@article{Chen2009,
    title = {{Language Specific Issue and Feature Exploration in Chinese Event Extraction}},
    year = {2009},
    journal = {Proceedings of Human Language Technologies: The 2009 Annual Conference of the North American Chapter of the Association for Computational Linguistics, Companion Volume: Short Papers},
    author = {Chen, Zheng and Ji, Heng},
    number = {June},
    pages = {209--212},
    url = {http://aclanthology.info/papers/language-specific-issue-and-feature-exploration-in-chinese-event-extraction}
}

@inproceedings{lu2017learning,
    title = {{Learning Antecedent Structures for Event Coreference Resolution}},
    year = {2017},
    booktitle = {Machine Learning and Applications (ICMLA), 2017 16th IEEE International Conference on},
    author = {Lu, Jing and Ng, Vincent},
    pages = {113--118},
    organization = {IEEE}
}

@article{VandeKauter2013,
    title = {{LeTs Preprocess: The multilingual LT3 linguistic preprocessing toolkit}},
    year = {2013},
    journal = {Computational Linguistics in the Netherlands Journal},
    author = {van de Kauter, Marjan and Coorman, Geert and Lefever, Els and Desmet, Bart and Macken, Lieve and Hoste, Veronique},
    month = {3},
    pages = {103--120},
    volume = {3},
    issn = {2211-4009}
}

@article{DeClercq2015a,
    title = {{LT3: Applying Hybrid Terminology Extraction to Aspect Based Sentiment Analysis}},
    year = {2015},
    author = {De Clercq, Orph√©e and Van De Kauter, Marjan and Lefever, Els and Hoste, Veronique}
}

@article{Hee2015a,
    title = {{LT3: Sentiment Analysis of Figurative Tweets: piece of cake {\#}NotReally}},
    year = {2015},
    author = {Hee, Cynthia Van and Lefever, Els and Lt, V√©ronique Hoste},
    number = {January},
    pages = {684--688},
    doi = {10.18653/v1/S15-2115}
}

@misc{VanHee2014,
    title = {{LT3: sentiment classification in user-generated content using a rich feature set}},
    year = {2014},
    author = {Van Hee, Cynthia and Van de Kauter, Marjan and De Clercq, Orph√©e and Lefever, Els and Hoste, Veronique},
    publisher = {Association for Computational Linguistics 2014},
    url = {http://lib.ugent.be/catalog/pug01:5684543},
    isbn = {9781941643242},
    language = {eng}
}

@article{VanHee2014a,
    title = {{LT3: Sentiment Classification in User-Generated Content Using a Rich Feature Set}},
    year = {2014},
    journal = {Proceedings of the 8th International Workshop on Semantic Evaluation (SemEval 2014)},
    author = {Van Hee, Cynthia and de Kauter, Marjan and De Clercq, Orphee and Lefever, Els and Hoste, Veronique and Hee, Cynthia Van and Kauter, Marjan Van De and Clercq, De},
    number = {SemEval},
    pages = {406--410},
    url = {http://www.aclweb.org/anthology/S14-2070},
    isbn = {9781941643242}
}

@article{Che2010,
    title = {{LTP: A Chinese Language Technology Platform}},
    year = {2010},
    journal = {Coling},
    author = {Che, Wanxiang and Li, Zhenghua and Liu, Ting},
    number = {August},
    pages = {13--16},
    url = {http://anthology.aclweb.org/C/C10/C10-3004.pdf}
}

@article{Song2017,
    title = {{Machine Learning with World Knowledge: The Position and Survey}},
    year = {2017},
    author = {Song, Yangqiu and Roth, Dan},
    pages = {1--20},
    url = {http://arxiv.org/abs/1705.02908},
    arxivId = {1705.02908}
}

@book{Jing2013,
    title = {{Mining Text Data}},
    year = {2012},
    booktitle = {Mining Text Data},
    author = {Jing, Jiang},
    editor = {Aggarwal, Charu C. and Zhai, ChengXiang},
    chapter = {2},
    pages = {11--41},
    publisher = {Springer US},
    url = {http://link.springer.com/10.1007/978-1-4614-3223-4},
    address = {Boston, MA},
    isbn = {978-1-4614-3222-7},
    doi = {10.1007/978-1-4614-3223-4},
    issn = {1098-6596},
    pmid = {25246403},
    arxivId = {arXiv:1011.1669v3},
    keywords = {information extraction, named entity recognition, relation extraction}
}

@article{Hee2016,
    title = {{Monday mornings are my fave :) {\#} not Exploring the Automatic Recognition of Irony in English tweets}},
    year = {2016},
    journal = {Proceedings of the 26th International Conference on Computational Linguistics (COLING-16)},
    author = {Hee, Cynthia Van and Lefever, Els},
    number = {1993},
    pages = {2730--2739}
}

@article{Chesney,
    title = {{Multi-word Entity Classification in a Highly Multilingual Environment}},
    year = {2017},
    journal = {Proceeding of the 13th Workshop on Multiword Expressions (MWE 2017)},
    author = {Chesney, Sophie and Jacquet, Guillaume and Steinberger, Ralf and Piskorski, Jakub},
    pages = {11--20}
}

@article{Chiu2015,
    title = {{Named Entity Recognition with Bidirectional LSTM-CNNs}},
    year = {2015},
    author = {Chiu, Jason P. C. and Nichols, Eric},
    number = {2003},
    pages = {357--370},
    volume = {4},
    url = {http://arxiv.org/abs/1511.08308},
    issn = {2307-387X},
    arxivId = {1511.08308}
}

@article{Collobert2011a,
    title = {{Natural Language Processing (Almost) from Scratch}},
    year = {2011},
    journal = {Journal of Machine Learning Research},
    author = {Collobert, Ronan and Weston, Jason and Bottou, L√©on and Karlen, Michael and Kavukcuoglu, Koray and Kuksa, Pavel},
    pages = {2493--2537},
    volume = {12},
    isbn = {1532-4435},
    doi = {10.1.1.231.4614},
    issn = {0891-2017},
    pmid = {1000183096},
    arxivId = {1103.0398},
    keywords = {natural language processing, neural networks}
}

@article{Lample2016,
    title = {{Neural Architectures for Named Entity Recognition}},
    year = {2016},
    author = {Lample, Guillaume and Ballesteros, Miguel and Subramanian, Sandeep and Kawakami, Kazuya and Dyer, Chris},
    url = {http://arxiv.org/abs/1603.01360},
    isbn = {9781941643914},
    doi = {10.18653/v1/N16-1030},
    issn = {1045-9227},
    pmid = {18244602},
    arxivId = {1603.01360}
}

@article{Nguyen2016a,
    title = {{New York University 2016 System for KBP Event Nugget : A Deep Learning Approach}},
    year = {2016},
    journal = {Trec Kbp},
    author = {Nguyen, Thien Huu and Meyers, Adam and Grishman, Ralph},
    url = {https://cs.nyu.edu/~thien/pubs/tac2016.pdf}
}

@misc{Vossen2016a,
    title = {{Newsreader public summary}},
    year = {2016},
    author = {Vossen, Piek},
    pages = {1--29},
    volume = {31}
}

@article{Vossen2016,
    title = {{NewsReader: Using knowledge resources in a cross-lingual reading machine to generate more knowledge from massive streams of news}},
    year = {2016},
    journal = {Knowledge-Based Systems},
    author = {Vossen, Piek and Agerri, Rodrigo and Aldabe, Itziar and Cybulska, Agata and van Erp, Marieke and Fokkens, Antske and Laparra, Egoitz and Minard, Anne Lyse and Palmero Aprosio, Alessio and Rigau, German and Rospocher, Marco and Segers, Roxane},
    doi = {10.1016/j.knosys.2016.07.013},
    issn = {09507051},
    keywords = {Cross-lingual interopearbility, Event extraction, Knowledge resources, Natural language processing, Semantic web}
}

@techreport{grishman2005,
    title = {{NYU's English ACE 2005 System Description}},
    year = {2005},
    author = {Grishman, Ralph and Westbrook, David and Meyers, Adam},
    url = {http://nlp.cs.nyu.edu/publication/papers/ACE05-NYUEnglishSysDescrDec10.pdf},
    institution = {Department of Computer Science, New York University},
    keywords = {GLARF NomBank PropBank dataset{\_}ACE2005 event{\_}extra}
}

@article{Fokkens2013,
    title = {{Offspring from Reproduction Problems : What Replication Failure Teaches Us}},
    year = {2013},
    journal = {Proceedings of the 51st Annual Meeting of the Association for Computational Linguistics},
    author = {Fokkens, Antske and van Erp, Marieke and Postma, Marten and Pedersen, Ted and Vossen, Piek and Freire, Nuno},
    pages = {1691--1701},
    isbn = {9781937284503}
}

@article{Burel2017,
    title = {{On Semantics and Deep Learning for Event Detection in Crisis Situations}},
    year = {2017},
    journal = {Workshop on Semantic Deep Learning (SemDeep), at ESWC 201},
    author = {Burel, Gr√©goire and Saif, Hassan and Fernandez, Miriam and Alani, Harith},
    keywords = {CNN, Dual-CNN, Event Detection, Se-mantic Embeddings, Semantic Deep Learning, Word Embeddings}
}

@article{Sil2016,
    title = {{One for All : Towards Language Independent Named Entity Linking}},
    year = {2016},
    journal = {Proceedings of the 54th Annual Meeting of the Association for Computational Linguistics (ACL 2016)},
    author = {Sil, Avirup and Florian, Radu},
    pages = {2255--2264},
    isbn = {9781510827585},
    arxivId = {1712.01797}
}

@article{Gale1992,
    title = {{One sense per discourse}},
    year = {1992},
    journal = {Proceedings of the workshop on Speech and Natural Language  - HLT '91},
    author = {Gale, William A. and Church, Kenneth W. and Yarowsky, David},
    pages = {233},
    url = {http://portal.acm.org/citation.cfm?doid=1075527.1075579},
    isbn = {1558602720},
    doi = {10.3115/1075527.1075579}
}

@article{Postma,
    title = {{Open Dutch WordNet}},
    year = {2016},
    journal = {Proceedings of the Eight Global Wordnet Conference},
    author = {Postma, Marten and Miltenburg, Emiel van and Segers, Roxane and Schoen, Anneleen and Vossen, Piek},
    pages = {300 - 307},
    url = {http://wordpress.let.vupr.nl/odwn/},
    isbn = {9789730207286}
}

@inproceedings{Ellisa,
    title = {{Overview of Linguistic Resources for the TAC KBP 2015 Evaluations : Methodologies and Results}},
    year = {2015},
    booktitle = {Proceedings of TAC KBP 2015 Workshop, National Institute of Standards and Technology, Maryland, USA},
    author = {Ellis, Joe and Getman, Jeremy and Fore, Dana and Kuster, Neil and Song, Zhiyi and Bies, Ann and Strassel, Stephanie}
}

@article{Ellis2015,
    title = {{Overview of Linguistic Resources for the TAC KBP 2015 Evaluations : Methodologies and Results}},
    year = {2015},
    journal = {Proceedings of TAC KBP 2015 Workshop, National Institute of Standards and Technology, Maryland, USA},
    author = {Ellis, Joe and Getman, Jeremy and Fore, Dana and Kuster, Neil and Song, Zhiyi and Bies, Ann and Strassel, Stephanie},
    number = {Ldc}
}

@article{Hachey2015,
    title = {{Overview of SYDNEY System for TAC KBP 2015 Event Nugget Detection}},
    year = {2015},
    author = {Hachey, Ben},
    pages = {2--5}
}

@article{Mitamura2015,
    title = {{Overview of TAC KBP 2015 Event Nugget Track}},
    year = {2015},
    journal = {Kbp Tac 2015},
    author = {Mitamura, Teruko and Liu, Zhengzhong and Hovy, Eduard},
    pages = {1--31}
}

@article{Mitamura,
    title = {{Overview of TAC-KBP 2016 Event Nugget Track}},
    year = {2016},
    journal = {Tac Kbp 2016},
    author = {Mitamura, Teruko and Liu, Zhengzhong and Hovy, Eduard}
}

@article{Ji2014a,
    title = {{Overview of TAC-KBP2014 Entity Discovery and Linking Tasks}},
    year = {2014},
    journal = {TAC (Text Analysis Conference) 2014},
    author = {Ji, Heng and Nothman, Joel and Hachey, Ben}
}

@article{Ji2016,
    title = {{Overview of TAC-KBP2016 Tri-lingual EDL and Its Impact on End-to-End Cold-Start KBP}},
    year = {2016},
    journal = {Proceedings of the Ninth Text Analysis Conference (TAC 2016)},
    author = {Ji, Heng and Nothman, Joel},
    url = {https://tac.nist.gov/publications/2016/additional.papers/TAC2016.KBP_Entity_Discovery_and_Linking_overview.proceedings.pdf}
}

@article{Ji2010b,
    title = {{Overview of the TAC 2010 Knowledge Base Population Track}},
    year = {2010},
    journal = {Tac 2010},
    author = {Ji, Heng and Grishman, Ralph and Dang, Hoa Trang and Griffitt, Kira and Ellis, Joe},
    number = {November},
    isbn = {1117458812938}
}

@article{Ji2010,
    title = {{Overview of the TAC 2010 Knowledge Base Population Track}},
    year = {2010},
    journal = {Tac 2010},
    author = {Ji, Heng and Grishman, Ralph and Dang, Hoa Trang and Griffitt, Kira and Ellis, Joe},
    number = {November},
    isbn = {1117458812938}
}

@article{VanEynde2004,
    title = {{Part of Speech Tagging en lemmatisering van het Corpus Gesproken Nederlands}},
    year = {2004},
    journal = {The Language and Speech Website},
    author = {Van Eynde, Frank},
    pages = {87}
}

@article{Lazic2015,
    title = {{Plato: A Selective Context Model for Entity Resolution}},
    year = {2015},
    journal = {Acl2016},
    author = {Lazic, Nevena and Subramanya, Amarnag and Ringgaard, Michael and Pereira, Fernando},
    pages = {503--515},
    volume = {3},
    url = {https://tacl2013.cs.columbia.edu/ojs/index.php/tacl/article/view/637},
    issn = {2307-387X}
}

@article{Gupta2009,
    title = {{Predicting Unknown Time Arguments based on Cross-Event Propagation}},
    year = {2009},
    journal = {ACL Short Paper},
    author = {Gupta, Prashant},
    number = {August},
    pages = {369--372},
    isbn = {9781617382581},
    doi = {10.3115/1667583.1667697}
}

@article{Ganea2015,
    title = {{Probabilistic Bag-Of-Hyperlinks Model for Entity Linking}},
    year = {2015},
    author = {Ganea, Octavian-Eugen and Ganea, Marina and Lucchi, Aurelien and Eickhoff, Carsten and Hofmann, Thomas},
    url = {http://arxiv.org/abs/1509.02301},
    isbn = {9781450341431},
    doi = {10.1145/2872427.2882988},
    arxivId = {1509.02301},
    keywords = {abilistic graphical models, approximate inference, entity disambiguation, entity linking, loopy, prob-, wikification}
}

@inproceedings{BarbuMititelu,
    title = {{Proceedings of the Eighth Global WordNet Conference}},
    year = {2016},
    author = {Barbu Mititelu, Verginica and For{\u{a}}scu, Corina and Fellbaum, Christiane and Vossen, Piek},
    pages = {448},
    address = {Bucharest},
    isbn = {978-973-0-20728-6}
}

@article{Sha2016,
    title = {{RBPB: Regularization-Based Pattern Balancing Method for Event Extraction}},
    year = {2016},
    journal = {Acl},
    author = {Sha, Lei and Liu, Jing and Lin, Chin-Yew and Li, Sujian and Chang, Baobao and Sui, Zhifang},
    pages = {1224--1234},
    url = {http://www.aclweb.org/anthology/P16-1116},
    isbn = {9781510827585}
}

@article{Yangarber2005,
    title = {{Redundancy-based Correction of Automatically Extracted Facts}},
    year = {2005},
    journal = {Proceedings of Human Language Technology Conference and Conference on Empirical Methods in Natural Language Processing},
    author = {Yangarber, Roman and Jokipii, Lauri},
    number = {October},
    pages = {57--64},
    url = {http://www.aclweb.org/anthology/H/H05/H05-1008}
}

@article{Ji2008,
    title = {{Refining Event Extraction through Cross-document Inference}},
    year = {2008},
    journal = {Proceedings of ACL-08: HLT},
    author = {Ji, Heng and Grishman, Ralph},
    pages = {254--262}
}

@article{Zeng2014,
    title = {{Relation Classification via Convolutional Deep Neural Network}},
    year = {2014},
    journal = {Coling},
    author = {Zeng, Daojian and Liu, Kang and Lai, Siwei and Zhou, Guangyou and Zhao, Jun},
    number = {2011},
    pages = {2335--2344},
    url = {http://www.nlpr.ia.ac.cn/cip/liukang.files/camera_coling2014_final.pdf},
    isbn = {978-1-941643-26-6},
    doi = {http://aclweb.org/anthology/C/C14/C14-1220.pdf},
    pmid = {91150},
    arxivId = {arXiv:1508.01006v1}
}

@article{Lin,
    title = {{Rich Annotation Guided Learning}},
    year = {2012},
    journal = {International Journal On Advances in Intelligent Systems},
    author = {Li, Xiang and Ji, Heng and Farooq, Faisal and Li, Hao and Lin, Wen-Pin and Yu, Shipeng},
    keywords = {-rich annotation, feature engineering}
}

@article{Lin2012,
    title = {{Rich Annotation Guided Learning}},
    year = {2012},
    author = {Lin, Wen-pin},
    number = {3},
    pages = {261--277},
    volume = {5},
    keywords = {-rich annotation, feature engineering}
}

@unpublished{LDC2016.rich_ere,
    title = {{Rich ERE Annotation Guidelines Overview V4.2}},
    year = {2016},
    author = {{Linguistic Data Consortium}},
    publisher = {Linguistics Data Consortium}
}

@misc{Styler2014,
    title = {{Richer Event Description (RED) Annotation Guidelines}},
    year = {2014},
    author = {Styler, W. and Crooks, K. and O'Gorman, Tim and Hamang, Mariah},
    pages = {1--62},
    publisher = {University of Colorado at Boulder}
}

@article{OGorman2016,
    title = {{Richer Event Description: Integrating event coreference with temporal, causal and bridging annotation}},
    year = {2016},
    journal = {Proceedings of the 2nd Workshop on Computing News Storylines (CNS 2016)},
    author = {O'Gorman, Tim and Wright-Bettner, Kristin and Palmer, Martha},
    pages = {47--56},
    url = {http://aclweb.org/anthology/W16-5706},
    doi = {10.18653/v1/W16-5706}
}

@article{agerri:jai,
    title = {{Robust Multilingual Named Entity Recognition with Shallow Semi-supervised Features}},
    journal = {Journal of Artificial Intelligence},
    author = {Agerri, Rodrigo and Rigau, German}
}

@article{DeClercq2016,
    title = {{Rude Waiter but Mouthwatering Pastries! An Exploratory Study into Dutch Aspect-Based Sentiment Analysis}},
    year = {2016},
    journal = {Tenth International Conference on Language Resources and Evaluation, LREC 2016},
    author = {De Clercq, Orph√©e and Hoste, V√©ronique},
    pages = {2910--2917},
    isbn = {9782951740891},
    keywords = {aspect-based sentiment analysis, semantic processing, user-generated content}
}

@article{Pouyanfar2016,
    title = {{Semantic Event Detection Using Ensemble Deep Learning}},
    year = {2016},
    journal = {Proceedings of 2016 Ieee International Symposium on Multimedia (Ism)},
    author = {Pouyanfar, Samira and Chen, Shu-Ching},
    pages = {203--208},
    url = {https://www.scopus.com/inward/record.uri?eid=2-s2.0-85015165835&doi=10.1109%2FISM.2016.121&partnerID=40&md5=37fd91606327fa40d8981bd94de0651b%0Ahttps://users.cs.fiu.edu/%7B~%7Dchens/PDF/ISM06.pdf},
    isbn = {978-1-5090-4571-6},
    doi = {10.1109/ISM.2016.121},
    keywords = {-Deep learning, Big data, Deep learning, Disasters, Ensemble algorithms, Ensemble learning, Feature extraction, Image retrieval, Imbalanced data, Learning algorithms, Learning architectures, Learning frameworks, Multimedia big data, Natural disasters, Over fitting problem, Semantic event detection, Semantics}
}

@article{Mohammad2016,
    title = {{SemEval-2016 Task 6: Detecting Stance in Tweets}},
    year = {2016},
    journal = {Proceedings of SemEval},
    author = {Mohammad, Saif M and Kiritchenko, Svetlana and Sobhani, Parinaz and Zhu, Xiaodan and Cherry, Colin},
    number = {July},
    pages = {31--41},
    volume = {16},
    url = {http://www.saifmohammad.com/WebDocs/semeval2016-task6-stance.pdf%0Ahttp://m-mitchell.com/NAACL-2016/SemEval/pdf/SemEval03.pdf},
    isbn = {9781941643952},
    doi = {10.18653/v1/S16-1003}
}

@article{Sarawagi2004,
    title = {{Semi-markov conditional random fields for information extraction}},
    year = {2004},
    journal = {Advances in Neural Information Processing Systems 17},
    author = {Sarawagi, Sunita and Cohen, W.},
    pages = {1185--1192},
    url = {http://work-tmp.googlecode.com/svn/trunk/CRF/10.1.1.128.3524.pdf},
    doi = {10.1.1.128.3524},
    issn = {<null>}
}

@book{Zhang2012,
    title = {{Sentiment Analysis and Opinion Mining}},
    year = {2012},
    author = {Liu, Bing},
    publisher = {Morgan {\&} Claypool Publishers},
    url = {http://link.springer.com/10.1007/978-1-4899-7502-7_907-1},
    isbn = {978-1-4899-7502-7},
    doi = {10.1007/978-1-4899-7502-7{\_}907-1},
    issn = {1947-4040},
    pmid = {791643259},
    arxivId = {1003.5699}
}

@article{Liu2012,
    title = {{Sentiment Analysis and Opinion Mining (tutorial)}},
    year = {2012},
    author = {Liu, Bing},
    pages = {1--99}
}

@article{Haghighi2009,
    title = {{Simple coreference resolution with rich syntactic and semantic features}},
    year = {2009},
    journal = {Proceedings of the 2009 Conference on Empirical Methods in Natural Language Processing Volume 3 EMNLP 09},
    author = {Haghighi, Aria and Klein, Dan},
    number = {8},
    pages = {1152--1161},
    volume = {3},
    url = {http://portal.acm.org/citation.cfm?doid=1699648.1699661},
    isbn = {9781932432633},
    doi = {10.3115/1699648.1699661}
}

@book{JurafskyMartin2009.SLP_2ndEd,
    title = {{Speech and Language Processing (2nd Edition)}},
    year = {2009},
    author = {Jurafsky, Daniel and Martin, James H},
    publisher = {Prentice-Hall, Inc.},
    address = {Upper Saddle River, NJ, USA},
    isbn = {0131873210}
}

@book{Jurafsky2017,
    title = {{Speech and Language Processing - An Introduction to Natural Language Processing, Computational Linguistics, and Speech Recognition (Third Edition Draft)}},
    year = {2017},
    author = {Jurafsky, Daniel and Martin, James H},
    url = {https://web.stanford.edu/~jurafsky/slp3/ed3book.pdf},
    isbn = {978-0131873216},
    doi = {10.1162/089120100750105975},
    issn = {08912017}
}

@article{Mrowca,
    title = {{Stance Detection for Fake News Identification}},
    author = {Mrowca, Damian and Wang, Elias},
    pages = {1--12},
    keywords = {fake news challenge, machine learning, natural language, processing, random forests, stance detection, support vector machines}
}

@article{ChaudhryA.K.BakerD.Thun-Hohenstein2017,
    title = {{Stance Detection for the Fake News Challenge: Identifying Textual Relationships with Deep Neural Nets}},
    year = {2017},
    author = {Chaudhry, A. K., Baker, D. {\&} Thun-Hohenstein, P.},
    pages = {1--10}
}

@article{Augenstein2016,
    title = {{Stance Detection with Bidirectional Conditional Encoding}},
    year = {2016},
    author = {Augenstein, Isabelle and Rockt{\"{a}}schel, Tim and Vlachos, Andreas and Bontcheva, Kalina},
    url = {http://arxiv.org/abs/1606.05464},
    arxivId = {1606.05464}
}

@article{Lee2011,
    title = {{Stanford ‚Äô s Multi-Pass Sieve Coreference Resolution System at the CoNLL-2011 Shared Task}},
    year = {2011},
    journal = {Proceedings of the Fifteenth Conference on Computational Natural Language Learning: Shared Task. Association for Computational Linguistics},
    author = {Lee, Heeyoung and Peirsman, Yves and Chang, Angel and Chambers, Nathanael and Surdeanu, Mihai and Jurafsky, Dan},
    pages = {28--34},
    isbn = {9781937284084}
}

@article{Huang2012a,
    title = {{Structured perceptron with inexact search}},
    year = {2012},
    journal = {2012 Conference of the North American Chapter of the Association for Computational Linguistics: Human Language Technologies},
    author = {Huang, Liang and Fayong, Suphan and Guo, Yang},
    pages = {142--151},
    url = {http://dl.acm.org/citation.cfm?id=2382029.2382049},
    isbn = {978-1-937284-20-6}
}

@article{Liu2014,
    title = {{Supervised Within-Document Event Coreference using Information Propagation}},
    year = {2014},
    journal = {Proceedings of the 9th Edition of the Language, Resources and Evaluation Conference (LREC 2014)},
    author = {Liu, Zhengzhong and Araki, Jun and Hovy, Eduard and Mitamura, Teruko},
    pages = {4539--4544},
    isbn = {978-2-9517408-8-4},
    keywords = {event coreference, event coreference evaluation, information extraction}
}

@article{En,
    title = {{T 2.0:}},
    author = {En, T Aaltechnologie Sentimentanalyse},
    pages = {157--161}
}

@article{Griffitt2016,
    title = {{TAC KBP 2016 ‚ÄìEntity Discovery and Linking (EDL) Guidelines Linguistic Data Consortium}},
    year = {2016},
    author = {Griffitt, Kira and Li, Xuansong and Indacochea, Alonso and Mott, Justin},
    url = {http://projects.ldc.upenn.edu/kbp/}
}

@misc{www:TAC_KBP_events_2017,
    title = {{TAC KBP 2017 Event Track}},
    year = {2017},
    author = {{Text Analysis Conference}},
    url = {https://tac.nist.gov/2017/KBP/Event/index.html}
}

@misc{Baird2017_talos_fnc_victory,
    title = {{Talos Targets Disinformation with Fake News Challenge Victory}},
    year = {2017},
    author = {Baird, Sean and Sibley, Doug and Pan, Yuxi},
    url = {https://blog.talosintelligence.com/2017/06/talos-fake-news-challenge.html}
}

@misc{Hanselowski2017_athene_fnc-1,
    title = {{Team Athene on the Fake News Challenge}},
    year = {2017},
    booktitle = {Medium},
    author = {Hanselowski, Andreas},
    url = {https://medium.com/@andre134679/team-athene-on-the-fake-news-challenge-28a5cf5e017b}
}

@article{IV2014,
    title = {{Temporal Annotation in the Clinical Domain}},
    year = {2014},
    journal = {Transactions of the Association for Computational Linguistics},
    author = {IV, William F. Styler and Bethard, Steven and Finan, Sean and Palmer, Martha and Pradhan, Sameer and Groen, Piet C. de and Erickson, Brad and Miller, Timothy and Lin, Chen and Savova, Guergana and Pustejovsky, James},
    number = {1},
    pages = {143--154},
    volume = {2},
    url = {https://tacl2013.cs.columbia.edu/ojs/index.php/tacl/article/view/305},
    issn = {2307-387X},
    pmid = {29082229}
}

@article{Rambow2016,
    title = {{The 2016 TAC KBP BeSt Evaluation}},
    year = {2016},
    author = {Rambow, Owen and Bauer, Daniel and Cardie, Claire and Arrigo, Michael and Diab, Mona}
}

@inproceedings{Doddington2004,
    title = {{The Automatic Content Extraction (ACE) Program Tasks, Data, and Evaluation}},
    year = {2004},
    booktitle = {Proceedings of LREC},
    author = {Doddington, George and Mitchell, Alexis and Przybocki, Mark and Ramshaw, Lance and Strassel, Stephanie and Weischedel, Ralph}
}

@inproceedings{Segers,
    title = {{The Event and Implied Situation Ontology (ESO): Application and Evaluation}},
    year = {2016},
    booktitle = {LREC},
    author = {Segers, Roxane and Rospocher, Marco and Vossen, Piek and Laparra, Egoitz and Rigau, German and Minard, Anne-Lyse},
    pages = {1463--1470},
    isbn = {9782951740891},
    keywords = {ontology, semantic role labeling, semantic web, text mining}
}

@article{VandeKauter2015,
    title = {{The good, the bad and the implicit: a comprehensive approach to annotating explicit and implicit sentiment}},
    year = {2015},
    journal = {Language Resources and Evaluation},
    author = {Van de Kauter, Marjan and Desmet, Bart and Hoste, Veronique},
    number = {49},
    pages = {685--720},
    doi = {10.1007/s10579-015-9297-4},
    issn = {15728412},
    keywords = {Corpus annotation, Natural language processing, Polarity, Sentiment analysis}
}

@article{Yang2016b,
    title = {{The ijk System for EAL at TAC KBP 2016 Event Track}},
    year = {2016},
    author = {Yang, Qifan and Huang, Yuzhong and Hao, Leiguang and Tang, Siliang}
}

@article{Grishman2010,
    title = {{The Impact of Task and Corpus on Event Extraction Systems}},
    year = {2010},
    journal = {Lrec},
    author = {Grishman, Ralph},
    pages = {2928--2931},
    isbn = {2-9517408-6-7}
}

@article{DeClercq2016a,
    title = {{The many aspects of fine-grained sentiment analysis An overview of the task and its main challenges}},
    year = {2016},
    author = {De Clercq, Orph√©e},
    pages = {23--28},
    url = {https://biblio.ugent.be/publication/8500953/file/8500962},
    isbn = {9781612085197},
    keywords = {language processing, natural, sentiment analysis, user-generated content}
}

@inproceedings{Segers2016,
    title = {{The predicate matrix and the event and implied situation ontology: Making more of events}},
    year = {2016},
    booktitle = {Proceedings of the 8th Global WordNet Conference, GWC 2016},
    author = {Segers, R. and Laparra, Egoitz and Rospocher, M. and Vossen, Piek and Rigau, G. and Ilievski, Filip},
    isbn = {9789730207286}
}

@article{Segers2016a,
    title = {{The predicate matrix and the event and implied situation ontology: Making more of events}},
    year = {2016},
    journal = {Proceedings of the 8th Global WordNet Conference, GWC 2016},
    author = {Segers, R. and Laparra, Egoitz and Rospocher, M. and Vossen, Piek and Rigau, G. and Ilievski, Filip},
    isbn = {9789730207286}
}

@article{Ahn2006,
    title = {{The stages of event extraction}},
    year = {2006},
    journal = {Proceedings of the Workshop on Annotating and Reasoning about Time and Events - ARTE '06},
    author = {Ahn, David},
    number = {July},
    pages = {1--8},
    url = {http://portal.acm.org/citation.cfm?doid=1629235.1629236},
    isbn = {1932432817},
    doi = {10.3115/1629235.1629236}
}

@misc{MoyWillandBabakar2016,
    title = {{The State of Automated Factchecking}},
    year = {2016},
    author = {Moy, Will and Babakar, Mevan},
    pages = {36},
    url = {https://fullfact.org/media/uploads/full_fact-the_state_of_automated_factchecking_aug_2016.pdf}
}

@phdthesis{DeClercq2015b,
    title = {{Tipping the Scales}},
    year = {2015},
    author = {De Clercq, Orph√©e},
    url = {http://insights.ovid.com/crossref?an=01266021-900000000-99616},
    isbn = {0000000000000},
    doi = {10.1097/SIH.0000000000000275},
    issn = {1559-2332}
}

@article{Hoste2016,
    title = {{Towards a Framework for the Automatic Detection of Crisis Emotions on Social Media : a Corpus Analysis of the Tweets Posted after the Crash of Germanwings Flight 9525}},
    year = {2016},
    author = {Hoste, Veronique and Hee, Cynthia Van},
    number = {c},
    pages = {29--32},
    isbn = {9781612085197},
    keywords = {6, 7, coombs, crisis communication, emotion detection, is a dominant theory, it, natural language, on crisis response strategies, organizational crisis, processing, scct, situational crisis communication theory, social media}
}

@article{DeClercq2017,
    title = {{Towards an integrated pipeline for aspect-based sentiment analysis in various domains}},
    year = {2017},
    journal = {Proceedings of the 8th Workshop on Computational Approaches to Subjectivity, Sentiment and Social Media Analysis},
    author = {De Clercq, Orph√©e and Lefever, Els and Jacobs, Gilles and Carpels, Tijl and Hoste, Veronique},
    pages = {136--142},
    url = {http://aclweb.org/anthology/W/W17/W17-5218.pdf},
    isbn = {978-1-945626-95-1}
}

@article{Steinberger2015,
    title = {{Towards Multilingual Event Extraction Evaluation: A Case Study for the Czech Language}},
    year = {2015},
    journal = {Proceedings of the International Conference Recent Advances in Natural Language Processing},
    author = {Steinberger, Josef and Tanev, Hristo},
    pages = {627--635},
    url = {http://aclweb.org/anthology/R15-1081},
    issn = {13138502}
}

@article{Ferguson2016,
    title = {{University of Washington TAC-KBP 2016 System Description}},
    year = {2016},
    author = {Ferguson, James and Lockard, Colin and Hawkins, Natalie and Soderland, Stephen and Hajishirzi, Hannaneh and Weld, Daniel S.},
    number = {4}
}

@article{Pradhan2007,
    title = {{Unrestricted coreference: Identifying entities and events in ontonotes}},
    year = {2007},
    journal = {ICSC 2007 International Conference on Semantic Computing},
    author = {Pradhan, Sameer S. and Ramshaw, Lance and Weischedel, Ralph and MacBride, Jessica and Micciulla, Linnea},
    pages = {446--453},
    isbn = {0769529976},
    doi = {10.1109/ICSC.2007.93}
}

@article{Yangarber2000a,
    title = {{Unsupervised discovery of scenario-level patterns for information extraction}},
    year = {2000},
    journal = {18th International Conference on Computational Linguistics, COLING 2000},
    author = {Yangarber, Roman and Grishman, Ralph},
    pages = {940--946},
    url = {http://dl.acm.org/citation.cfm?id=974186},
    doi = {10.3115/974147.974186}
}

@article{Bejan2010,
    title = {{Unsupervised Event Coreference Resolution with Rich Linguistic Features}},
    year = {2010},
    journal = {Proceedings of the 48th Annual Meeting of the Association for Computational Linguistics},
    author = {Bejan, Cosmin and Harabagiu, Sanda},
    number = {July},
    pages = {1412--1422},
    url = {http://www.aclweb.org/anthology/P10-1143},
    isbn = {9781617388088},
    doi = {10.1162/COLI{\_}a{\_}00174},
    issn = {0891-2017},
    keywords = {upervised event coreference resolution, with rich linguistic features}
}

@article{Ma2016,
    title = {{Unsupervised Ranking Model for Entity Coreference Resolution}},
    year = {2016},
    author = {Ma, Xuezhe and Liu, Zhengzhong and Hovy, Eduard},
    pages = {1012--1018},
    url = {http://arxiv.org/abs/1603.04553},
    isbn = {9781941643914},
    arxivId = {1603.04553}
}

@article{Hong2011,
    title = {{Using Cross-Entity Inference to Improve Event Extraction}},
    year = {2011},
    journal = {Proceedings of the 48th Annual Meeting of the Association for Computational Linguistics},
    author = {Hong, Yu and Zhang, Jianfeng and Ma, Bin and Yao, Jianmin and Zhou, Guodong and Zhu, Qiaoming},
    number = {4},
    pages = {1127--1136},
    url = {http://dl.acm.org/citation.cfm?id=2002615},
    isbn = {978-1-932432-87-9}
}

@article{Liao2010,
    title = {{Using Document Level Cross-Event Inference to Improve Event Extraction}},
    year = {2010},
    journal = {Computational Linguistics},
    author = {Liao, Shasha and York, New and Grishman, Ralph},
    number = {July},
    pages = {789--797},
    isbn = {9781617388088}
}

@article{Lu2015,
    title = {{UTD ‚Äô s Event Nugget Detection and Coreference System at KBP 2015}},
    year = {2015},
    author = {Lu, Jing and Ng, Vincent},
    number = {1}
}

@article{Hercig2016,
    title = {{UWB at SemEval-2016 Task 5: Aspect Based Sentiment Analysis}},
    year = {2016},
    journal = {Proceedings of the 10th International Workshop on Semantic Evaluation (SemEval-2016)},
    author = {Hercig, Tom√°≈° and Brychc{\'{i}}n, Tom√°≈° and Svoboda, Luk√°≈° and Konkol, Michal},
    pages = {342--349},
    url = {http://aclweb.org/anthology/S16-1055},
    isbn = {978-1-941643-95-2},
    doi = {10.18653/v1/S16-1055}
}

@article{Lever2016,
    title = {{VERSE : Event and Relation Extraction in the BioNLP 2016 Shared Task}},
    year = {2016},
    journal = {Proceedings of the 4th BioNLP Shared Task Workshop},
    author = {Lever, Jake and Jones, Steven J. M.},
    pages = {42--49}
}

@article{Li2015,
    title = {{When Are Tree Structures Necessary for Deep Learning of Representations?}},
    year = {2015},
    author = {Li, Jiwei and Luong, Minh-Thang and Jurafsky, Dan and Hovy, Eduard},
    number = {September},
    pages = {2304--2314},
    url = {http://arxiv.org/abs/1503.00185},
    isbn = {9781941643327},
    doi = {10.18653/v1/D15-1278},
    arxivId = {1503.00185}
}

@article{Luo2015,
    title = {{WIP Event Detection System in TAC KBP 2015 Event Nugget Track}},
    year = {2015},
    journal = {Proceedings of Text Analysis Conference},
    author = {Luo, Bingfeng and Yang, Honghui and Zeng, Ying and Feng, Yansong and Zhao, Dongyan},
    url = {https://tac.nist.gov/publications/2016/participant.papers/TAC2016.wip.proceedings.pdf}
}

@article{Huang2012,
    title = {{ÔºàÂ∑≤ÁúãÔºâBootstrapped Training of Event Extraction Classifiers}},
    year = {2012},
    journal = {Eacl2012},
    author = {Huang, Ruihong and Riloff, Ellen},
    number = {Eacl},
    pages = {286--295},
    isbn = {9781937284190}
}

@article{Son2014NewsReader2014-8,
    title = {{NewsReader Document-Level Annotation Guidelines - Dutch TechReport 2014-8}},
    year = {2014},
    author = {Son, Chantal Van and Erp, Marieke Van},
    pages = {1--91}
}